<?xml version="1.0" encoding="UTF-8"?><collection><record><leader>05789ntm a2200517 a 4500</leader><controlfield tag="001">006805664</controlfield><controlfield tag="003">MiAaHDL</controlfield><controlfield tag="005">20190719000000.0</controlfield><controlfield tag="006">m        d        </controlfield><controlfield tag="007">cr bn ---auaua</controlfield><controlfield tag="008">090601s1794    xx            00| ||ara d</controlfield><datafield tag="035" ind1=" " ind2=" "><subfield code="a">(MiU)006805664</subfield></datafield><datafield tag="035" ind1=" " ind2=" "><subfield code="a">sdr-miu006805664</subfield></datafield><datafield tag="040" ind1=" " ind2=" "><subfield code="a">MiU</subfield><subfield code="c">MiU</subfield><subfield code="e">amremm</subfield></datafield><datafield tag="043" ind1=" " ind2=" "><subfield code="a">n-us-mi</subfield></datafield><datafield tag="100" ind1="1" ind2=" "><subfield code="6">880-01</subfield><subfield code="a">Dāmūnī, Muḥammad Maḥmūd ibn ʻAlī.</subfield></datafield><datafield tag="245" ind1="1" ind2="3"><subfield code="6">880-02</subfield><subfield code="a">al-Ḥikam al-sanīyah wa-al-marāshif al-aqdasīyah,</subfield><subfield code="f">[1208, i.e. 1794].</subfield></datafield><datafield tag="260" ind1=" " ind2=" "><subfield code="c">[1794].</subfield></datafield><datafield tag="300" ind1=" " ind2=" "><subfield code="a">120 leaves :</subfield><subfield code="b">paper ;</subfield><subfield code="c">145 x 95 (115 x 65) mm. bound to 145 x 105 mm.</subfield></datafield><datafield tag="500" ind1=" " ind2=" "><subfield code="a">Shelfmark: Ann Arbor, University of Michigan, Special Collections Library, Isl. Ms. 610</subfield></datafield><datafield tag="500" ind1=" " ind2=" "><subfield code="a">Origin: As appears in colophon on fol.119a-119b (p.237-238) copied by Khiḍr ibn Yūsuf al-Nābulusī al-ʻAqrabānī for his brother al-Ḥājj Muḥammad al-Khayyāṭ. Transcription finished ("wāfaqa al-farāgh min naskh hādhā al-ḥikam...istiktāban...") Sunday the last day of Rajab 1208 [ca. 3 March 1794].</subfield></datafield><datafield tag="500" ind1=" " ind2=" "><subfield code="a">Accompanying materials: a. Inventory cataloguing slip in hand of Winifred Smeaton Thomas. -- b. Acquisitions slip from Yahuda.</subfield></datafield><datafield tag="500" ind1=" " ind2=" "><subfield code="a">Former shelfmark: From spine label and inscription on interior of upper cover, "IL 105c" (likely supplied by Yahuda).</subfield></datafield><datafield tag="500" ind1=" " ind2=" "><subfield code="a">Binding: Pasteboards covered in brown and cream mottled paper with red leather over spine, fore edge flap and edges / turn-ins (leather edged / leather framed binding) ; Type II binding (with flap) ; interior of envelope flap in same brown and cream decorative paper ; interior of fore edge flap in dark brown cloth ; pastedowns and flyleaves in laid European paper with partial watermark ("FF . PA") ; in good condition.</subfield></datafield><datafield tag="500" ind1=" " ind2=" "><subfield code="a">Support: European laid paper with laid lines running horizontally spaced roughly 8 laid lines per cm., chain lines running vertically spaced roughly 25-30 mm. apart ; countermark "C S" visible in fol.5, fol.102, etc. ; flyleaves and pastedowns in a different European laid paper (chain lines running vertically and spaced roughly 30 mm. apart) with partial watermark or counter mark "FF . PA" ; final singulon appears to be of still a different European laid paper with chain lines running vertically and spaced 25-28 mm. and laid lines spaced roughly 7-8 laid lines per cm., cresent watermark in fol.199.</subfield></datafield><datafield tag="500" ind1=" " ind2=" "><subfield code="a">Decoration: Textual dividers in the form of red discs ; text rubricated with section headings in red.</subfield></datafield><datafield tag="500" ind1=" " ind2=" "><subfield code="a">Script: Naskh ; Syrian (?) hand ; virtually serifless ; strong horizontal character.</subfield></datafield><datafield tag="500" ind1=" " ind2=" "><subfield code="a">Layout: Written in 13 lines per page ; frame-ruled (impression of ruling board evident).</subfield></datafield><datafield tag="500" ind1=" " ind2=" "><subfield code="a">Collation: i, 10 V(100), VI (112), III (118), I (120), i ; catchwords present ; pagination in pencil, Western numerals (supplied in cataloguing).</subfield></datafield><datafield tag="500" ind1=" " ind2=" "><subfield code="a">Colophon: "Scribal," rectangular and triangular, reads: "وافق الفراغ من نسخ هذه الحكم يوم الاحد سلخ رجب الحرام المبارك الذي هو من شهور سنة ثمان وميتين والف من الهجرة النبوية على صاحبها افضل الصلاة وازكى السلام واسنى التحية على يد كاتبها الحقير الكسير الفاني خضر بن يوسف النابلسي العقرباني استكتابا الى اخيه الحاج محمد الخياط جعل في حفظ الاسباط آمين آمين والحمد لله رب العالمين عامله الله بالطافه الخفية وثبت جنانه على هذه الملة الحنفية وسلك به طريق الاسعار وبلغه اقصى المرار الحمد لولي الحمد حمدا يفوق حمد الحامدين على ممر السنين والشهور والايام والساعات وابد الابدين وسلم تسليما كثيرا الى يوم الدين الحمد لله رب العالمين آمين م م م"</subfield></datafield><datafield tag="500" ind1=" " ind2=" "><subfield code="a">Explicit: "وما تحقق العارف بنيل المقام وسلم تسليما كثيرا على ممر الايام امين امين امين والحمد لله رب العالمين "</subfield></datafield><datafield tag="500" ind1=" " ind2=" "><subfield code="a">Incipit: "وهو حسبي وعليه اتوكل وفوضت الامر اليه فالتفويض للعبد اجمل ... وبعد فهذه نبذة يسيرة من المعارف والحكم"</subfield></datafield><datafield tag="500" ind1=" " ind2=" "><subfield code="a">Title from inscription on fol.1a (p.1).</subfield></datafield><datafield tag="500" ind1=" " ind2=" "><subfield code="a">Ms. codex.</subfield></datafield><datafield tag="520" ind1="8" ind2=" "><subfield code="a">Collection of pithy wise sayings and prayers. Description provided by Alison Vacca.</subfield></datafield><datafield tag="538" ind1=" " ind2=" "><subfield code="a">Mode of access: Internet.</subfield></datafield><datafield tag="541" ind1=" " ind2=" "><subfield code="a">Acquired in 1926 from the bookseller Isaac Benjamin S.E. Yahuda via purchase transacted on his behalf by Abraham Shalom Yahuda (1877-1951), his younger brother.</subfield></datafield><datafield tag="546" ind1=" " ind2=" "><subfield code="a">Arabic.</subfield></datafield><datafield tag="561" ind1=" " ind2=" "><subfield code="a">Inscription on fol.120b (p.240) is difficult to make out but reads "... الحاج علي اغا ... اغا في الشام" ; a few marginal corrections ; prayer copied in a different hand on fol.120a (p.239) ; arithmetic or accounts scribbled on fol.120b (p.240).</subfield></datafield><datafield tag="650" ind1=" " ind2="0"><subfield code="a">Manuscripts, Arabic</subfield><subfield code="z">Michigan</subfield><subfield code="z">Ann Arbor.</subfield></datafield><datafield tag="650" ind1=" " ind2="0"><subfield code="a">Aphorisms and apothegms</subfield><subfield code="v">Early works to 1800.</subfield></datafield><datafield tag="650" ind1=" " ind2="0"><subfield code="a">Islamic ethics</subfield><subfield code="v">Early works to 1800.</subfield></datafield><datafield tag="700" ind1="0" ind2=" "><subfield code="6">880-05</subfield><subfield code="a">Muḥammad al-Khayyāṭ,</subfield><subfield code="d">flourished 1794,</subfield><subfield code="e">former owner.</subfield></datafield><datafield tag="700" ind1="0" ind2=" "><subfield code="6">880-04</subfield><subfield code="a">Khiḍr ibn Yūsuf al-Nābulusī al-ʻAqrabānī,</subfield><subfield code="d">flourished 1794,</subfield><subfield code="e">scribe.</subfield></datafield><datafield tag="773" ind1="0" ind2=" "><subfield code="a">Yahuda Collection.</subfield></datafield><datafield tag="880" ind1="0" ind2=" "><subfield code="6">700-05/</subfield><subfield code="a">محمد الخياط,</subfield><subfield code="e">مالك سابق.</subfield></datafield><datafield tag="880" ind1="0" ind2=" "><subfield code="6">700-04/</subfield><subfield code="a">خضر بن يوسف النبلسي العقرباني,</subfield><subfield code="e">ناسخ.</subfield></datafield><datafield tag="880" ind1="1" ind2="2"><subfield code="6">245-02/</subfield><subfield code="a">الحكم السنية والمراشف الاقدسية,</subfield><subfield code="f">[1208ه, 1794م].</subfield></datafield><datafield tag="880" ind1="1" ind2=" "><subfield code="6">100-01/</subfield><subfield code="a">داموني، محمد محمود بن علي</subfield></datafield><datafield tag="CID" ind1=" " ind2=" "><subfield code="a">006805664</subfield></datafield><datafield tag="DAT" ind1="0" ind2=" "><subfield code="a">20190719102637.0</subfield><subfield code="b">20190719000000.0</subfield></datafield><datafield tag="DAT" ind1="1" ind2=" "><subfield code="a">20190719090653.0</subfield><subfield code="b">2019-07-19T16:11:52Z</subfield></datafield><datafield tag="DAT" ind1="2" ind2=" "><subfield code="a">2015-10-02T18:00:03Z</subfield></datafield><datafield tag="CAT" ind1=" " ind2=" "><subfield code="a">SDR-MIU</subfield><subfield code="d">EX LIBRIS - ALEPH</subfield><subfield code="l">prepare.pl-004-008</subfield></datafield><datafield tag="FMT" ind1=" " ind2=" "><subfield code="a">BK</subfield></datafield><datafield tag="HOL" ind1=" " ind2=" "><subfield code="0">sdr-miu006805664</subfield><subfield code="a">MiU</subfield><subfield code="b">SDR</subfield><subfield code="c">MIU</subfield><subfield code="p">mdp.39015079127455</subfield><subfield code="s">MIU</subfield><subfield code="1">006805664</subfield></datafield><datafield tag="974" ind1=" " ind2=" "><subfield code="b">MIU</subfield><subfield code="c">MIU</subfield><subfield code="d">20190719</subfield><subfield code="s">lit-dlps-dc</subfield><subfield code="u">mdp.39015079127455</subfield><subfield code="y">1794</subfield><subfield code="r">pd</subfield><subfield code="q">bib</subfield><subfield code="t">non-US bib date1 &lt; 1879</subfield></datafield></record></collection>